@misc{phogpt,
  author       = {VinAI Research},
  title        = {PhoGPT: Vietnamese Large Language Model},
  year         = {2024},
  howpublished = {\url{https://github.com/VinAIResearch/PhoGPT}}
}
@article{davenport,
  author = {Mark J. Davenport},
  title = {Enhancing Legal Document Analysis with Large Language Models: A Structured Approach to Accuracy, Context Preservation, and Risk Mitigation},
  journal = {Journal of Modern Linguistics},
  year = {2025}
}
@article{islam,
  author = {Islam M. Ibrahim, Mahmoud Soliman, Shahd Ossama, Sherif Tarek, Iyad Abuhadrous},
  title = {Leveraging Large Language Models for Document Analysis and 
Decision-Making in AI Chatbots },
  journal = {Advanced Sciences and Technology Journal},
  year = {2025}
}

